/home/lsimoes/Dropbox/Mendeley/library.bib